@misc{misc:1,
  title = {{Jonathan Bowen}},
  author = {Birmingham City University},	
  year = {2019}
}

@misc{misc:2,
  title = {{Centre for Applied Formal Methods}},
 note = {\\\href{https://web.archive.org/web/20080112180104/http://www.cafm.lsbu.ac.uk/}},
 year = {2008}
}
@misc{misc:3,
  title = {{CREST members}},
  note = {\\href{https://web.archive.org/web/20071022101232/http://crest.dcs.kcl.ac.uk/members.php?itemid=2}},
  year = {2012}
}
@misc{misc:4,
  title = {{Jonathan Bowen home page}},
  note = {\\{\href{https://web.archive.org/web/20070821093224/http://www.cs.ucl.ac.uk/staff/J.Bowen/}}},
  year = {2007}
}
@book{book:2,
  title = {{"Families: The Bowens". The Changing Faces of North Oxford: Book One}},
  author = {{Spokes Symonds, Ann}},
  publisher = {Robert Boyd Publications},
}

@misc{misc:5,
title = {{Committee and Contact Details}},
note = {\\{\href{https://www.bcs.org/membership/member-communities/facs-formal-aspects-of-computing-science-group/committee-and-contact-details/}}},
author = {BCS-FACS},
year = {2012}
}
@misc{misc:6,
title = {{Editorial Board,}},
note = {\\Innovations in Systems and Software Engineering. Springer},
year = {2012}
}
@misc{misc:7,
title = {{Editorial board}},
hyperlink = {\\\href{http://csur.acm.org/editorial.cfm}},
note = {\\ACM Computing Surveys. Association for Computing Machinery},
year = {2016}
}
@misc{misc:8,
title = {{Virtual Library museums pages}\\{\href{https://web.archive.org/web/20121212063856/http://archives.icom.museum/vlmp/}}},
note = {International Council of Museums},
year = {2012}
}
@misc{misc:9,
title = {{Museophile Limited}},
note = {\\\href{https://sites.google.com/site/museophile/}},
year = {2012}
}
@article{aritcle:1,
author = {Pratty, Jon},
title = {{Information about our newsfeed}},
note ={\href{https://web.archive.org/web/20040404215235/\\http://www.24hourmuseum.org.uk/etc/formuseums/TXT18198_gfx_en.html}},
year = {2004}
}
@book{book:1,
title = {{Critical burden of being correct}},
note = {{\\Times Higher Education Supplement}}, 
year = {1996}
}
@article{article:4,
author = {Johnson, Chris},
title = {{Book Review – Formal Specification and Documentation using Z: A Case Study Approach}},
journal = {The Computer Journal},
year = {1996},
note = {\\ \href{https://academic.oup.com/comjnl/article-abstract/39/7/643/444006?redirectedFrom=fulltext}}
}
@article{article:2,
author = {Robinson, Andrew}, 
title = {{The Turing Guide: Last words on an enigmatic codebreaker?}},
note = {\\\href{https://www.newscientist.com/article/mg23331072-700-the-turing-guide-last-words-on-an-enigmatic-codebreaker/#ixzz64srpE8Qq}},
journal = {The New Scientist},
year = {2017}
}

@article{article:3,
author = {Koslow, Jennifer},
title = {{Book Review – Museums and digital culture: new perspectives and research}},
note = {\\\href{https://www.tandfonline.com/doi/abs/10.1080/09647775.2019.1661098?journalCode=rmmc20}},
year = {2019}

}
