@misc{btu,
  title = {{Jonathan Bowen}},
  author = {Birmingham City University},	
  year = {2019}
}

@misc{ctn,
  title = {{School of Computing, Telecommunications and Networks: Jonathan Bowen}},
 note = {https://web.archive.org/web/20151106012644/http://www.bcu.ac.uk/computing/about-us/our-staff/jonathan-bowen},
 year = {2008}
}
@misc{crest,
  title = {{CREST members}},
  note = {https://web.archive.org/web/20071022101232/http://crest.dcs.kcl.ac.uk/members.php?itemid=2},
  year = {2012}
}
@misc{homepage,
  title = {{Jonathan Bowen home page}},
  note = {https://web.archive.org/web/20070821093224/http://www.cs.ucl.ac.uk/staff/J.Bowen/},
  year = {2007}
}
@book{annss,
  title = {{"Families: The Bowens". The Changing Faces of North Oxford: Book One}},
  author = {{Spokes Symonds, Ann}},
  publisher = {Robert Boyd Publications},
}

@misc{bcs,
title = {{Committee and Contact Details}},
note = {https://www.bcs.org/membership/member-communities/facs-formal-aspects-of-computing-science-group/committee-and-contact-details/},
author = {BCS-FACS},
year = {2012}
}
@misc{editorial,
title = {{Editorial Board,}},
note = {\\Innovations in Systems and Software Engineering. Springer},
year = {2012}
}
@misc{editorial2,
title = {{Editorial board}},
url = {http://csur.acm.org/editorial.cfm},
note = {\\ACM Computing Surveys. Association for Computing Machinery},
year = {2016}
}
@misc{vlm,
title = {{Virtual Library museums pages}
url = {https://web.archive.org/web/20121212063856/http://archives.icom.museum/vlmp/},
note = {International Council of Museums},
year = {2012}
}
@misc{museophile,
title = {{Museophile Limited}},
note = {\\\href{https://sites.google.com/site/museophile/}},
year = {2012}
}
@article{jonp,
author = {Pratty, Jon},
title = {{Information about our newsfeed}},
note ={https://web.archive.org/web/20040404215235/\\http://www.24hourmuseum.org.uk/etc/formuseums/TXT18198_gfx_en.html},
year = {2004}
}
@misc{cbc,
title = {{Critical burden of being correct}},
note = {Times Higher Education Supplement}, 
year = {1996}
}
@article{johnson,
author = {Johnson, Chris},
title = {{Book Review – Formal Specification and Documentation using Z: A Case Study Approach}},
journal = {The Computer Journal},
year = {1996},
note = {https://academic.oup.com/comjnl/article-abstract/39/7/643/444006?redirectedFrom=fulltext}
}
@article{robinson,
author = {Robinson, Andrew}, 
title = {{The Turing Guide: Last words on an enigmatic codebreaker?}},
note ={https://www.newscientist.com/article/mg23331072-700-the-turing-guide-last-words-on-an-enigmatic-codebreaker/#ixzz64srpE8Qq},
journal = {The New Scientist},
year = {2017}
}

@article{koslow,
author = {Koslow, Jennifer},
title = {{Book Review – Museums and digital culture: new perspectives and research}},
note = {https://www.tandfonline.com/doi/abs/10.1080/09647775.2019.1661098?journalCode=rmmc20},
year = {2019}

}
